@inproceedings{SimoSerraACCV2014,
   author = {Edgar Simo-Serra and Sanja Fidler and Francesc Moreno-Noguer and Raquel Urtasun},
   title = {A High Performance CRF Model for Clothes Parsing},
   booktitle = {ACCV},
   pages={64--81},
   year = {2014}
}

@inproceedings{WangCVPR2014,
 author = {Wang, Jiang and others},
 title = {Learning Fine-Grained Image Similarity with Deep Ranking},
 booktitle = {CVPR},
 year = {2014},
}

@inproceedings{WangICCV2017,
  author    = {Jian Wang and Feng Zhou and Shilei Wen and Xiao Liu and Yuanqing Lin},
  title     = {Deep Metric Learning with Angular Loss},
  booktitle = {ICCV},
  year      = {2017},
}

@inproceedings{HuangNIPS2016,
  author    = {Chen Huang and Chen Change Loy and Xiaoou Tang},
  title     = {Local Similarity-Aware Deep Feature Embedding},
  booktitle = {NIPS},
  year      = {2016},
}

@inproceedings{SimoSerraICCV2015,
 author = {Edgar Simo-Serra and Eduard Trulls and Luis Ferraz and Iasonas Kokkinos and Pascal Fua and Francesc Moreno-Noguer},
 title = {Discriminative Learning of Deep Convolutional Feature Point Descriptors},
 booktitle = {ICCV},
 year = {2015},
}

@inproceedings{JainCVPR2016,
  author    = {Ashesh Jain and Amir Roshan Zamir and Silvio Savarese and Ashutosh Saxena},
  title     = {Structural-RNN: Deep Learning on Spatio-Temporal Graphs},
  booktitle = {CVPR},
  year      = {2015},
}

@inproceedings{Liu0SC16,
  author    = {Haomiao Liu and Ruiping Wang and Shiguang Shan and Xilin Chen},
  title     = {Dual Purpose Hashing},
  booktitle = {Scientific Computing},
  year      = {2016}
}

@inproceedings{YuanICCV2017,
  author    = {Yuhui Yuan and Kuiyuan Yang and Chao Zhang},
  title     = {Hard-Aware Deeply Cascaded Embedding},
  booktitle = {ICCV},
  year      = {2016},
}

@inproceedings{YosinskiNIPS2014,
 author = {Jason Yosinski and Jeff Clune and Yoshua Bengio and Hod Lipson},
 title = {How Transferable Are Features in Deep Neural Networks?},
 booktitle = {NIPS},
 year = {2014},
}

@inproceedings{XiongVCIP2016,
    author = {Y. Xiong and N. Liu and Z. Xu and Y. Zhang},
    title = {A parameter partial-sharing CNN architecture for cross-domain clothing retrieval},
    booktitle = {VCIP},
    year = {2016}
}

@inproceedings{VittayakornECCV2016,
  author    = {Sirion Vittayakorn and Takayuki Umeda and Kazuhiko Murasaki and Kyoko Sudo and Takayuki Okatani and Kota Yamaguchi},
  title     = {Automatic Attribute Discovery with Neural Activations},
  booktitle    = {ECCV},
  year      = {2016}
}

@inproceedings{LokeICCE2017,
    author = {K. S. Loke},
    title = {Automatic recognition of clothes pattern and motifs empowering online fashion shopping},
    booktitle = {ICCE-TW},
    pages={375--376},
    year = {2017}
}

@inproceedings{ZhuICCV2017,
  author    = {Shizhan Zhu and Sanja Fidler and Raquel Urtasun and Dahua Lin and Chen Change Loy},
  title     = {Be Your Own Prada: Fashion Synthesis with Structural Coherence},
  booktitle    = {ICCV},
  year      = {2017}
}

@inproceedings{GU2017310,
    author = {Xiaoling Gu and Sai Wu and Pai Peng and Lidan Shou and Ke Chen and Gang Chen},
    title = {CSIR4G: An effective and efficient cross-scenario image retrieval model for glasses},
    booktitle = {Information Sciences},
    year = {2017}
}

@inproceedings{LiangMultimedia2016,
    author = {X. Liang and L. Lin and W. Yang and P. Luo and J. Huang and S. Yan},
    title = {Clothes Co-Parsing Via Joint Image Segmentation and Labeling With Application to Clothing Retrieval},
    booktitle = {IEEE Transactions on Multimedia},
    year = {2016}
}

@inproceedings{LiICPR2016,
    author = {Zongmin Li and Yante Li and Weiwei Tian and Yunping Pang and Yujie Liu},
    title = {Cross-scenario clothing retrieval and fine-grained style recognition},
    booktitle = {ICPR},
    year = {2016}
}

@inproceedings{HuangICCV2015,
     author = {Junshi Huang and Rogerio Feris and Qiang Chen and Shuicheng Yan},
     title = {Cross-Domain Image Retrieval with a Dual Attribute-Aware Ranking Network},
     booktitle = {ICCV},
     pages={1062--1070},
     year = {2015}
}

@inproceedings{ShankarNAKC17,
  author    = {Devashish Shankar and Sujay Narumanchi and H. A. Ananya and Pramod Kompalli and Krishnendu Chaudhury},
  title     = {Deep Learning based Large Scale Visual Recommendation and Search for E-Commerce},
  year      = {2017}
}

@inproceedings{LiuCVPR2016,
  author = {Z. Liu and P. Luo and S. Qiu and X. Wang and X. Tang},
  title = {DeepFashion: Powering Robust Clothes Recognition and Retrieval with Rich Annotations},
  booktitle = {CVPR},
  pages={1096--1104},
  year = {2016}
}

@inproceedings{SimoSerraCVPR2016,
  author = {E. Simo-Serra and H. Ishikawa},
  title = {Fashion Style in 128 Floats: Joint Ranking and Classification Using Weak Data for Feature Extraction},
  booktitle = {CVPR},
  pages={298--307},
  year = {2016}
}

@inproceedings {KalantidisICMR2013,
    title = {Getting the Look: Clothing Recognition and Segmentation for Automatic Product Suggestions in Everyday Photos},
    author = {Y. Kalantidis and L. Kennedy and L.-J. Li},
    booktitle = {ICMR},
    year = {2013}
}

@inproceedings{LiuMM2012,
   author = {Liu, Si and others},
   title = {Hi, Magic Closet, Tell Me What to Wear!},
   booktitle={Proceedings of the 20th ACM international conference on Multimedia},
    pages={619--628},
   year = {2012}
}

@inproceedings{VeitICCV2015,
  author    = {Veit, Andreas and others},
  title     = {Learning Visual Clothing Style with Heterogeneous Dyadic Co-occurrences},
  booktitle = {ICCV},
  pages={4642--4650},
  year      = {2015}
}

@inproceedings{HidayatiCybernatics2017,
  title = {Learning and Recognition of Clothing Genres From Full-Body Images},
  author = {S. C. Hidayati and C. W. You and W. H. Cheng and K. L. Hua},
  booktitle = {IEEE Transactions on Cybernetics},
  year = {2017}
}

@inproceedings{BellGraphics2015,
 author = {Sean Bell and Kavita Bala},
 title = {Learning Visual Similarity for Product Design with Convolutional Neural Networks},
 booktitle = {ACM Trans. Graph.},
 year = {2015}
}

@inproceedings{WangICMR2016,
 author = {Xi Wang and Zhenfeng Sun and Wenqiang Zhang and Yu Zhou and Yu-Gang Jiang},
 title = {Matching User Photos to Online Products with Robust Deep Features},
 booktitle = {ICMR},
 pages={7--14},
 year = {2016},
}

@inproceedings{HanICCV2017,
  author    = {Xintong Han and Zuxuan Wu and Phoenix X. Huang and Xiao Zhang and Menglong Zhu and Yuan Li and Yang Zhao and Larry S. Davis},
  title     = {Automatic Spatially-aware Fashion Concept Discovery},
  booktitle = {ICCV},
  year      = {2017}
}

@inproceedings{RubioICIP2017,
   author = {Antonio Rubio and Longlong Yu and Edgar Simo-Serra and Francesc Moreno-Noguer},
   title = {Multi-Modal Joint Embedding for Fashion Product Retrieval},
   booktitle = {ICIP},
   year = {2017},
}

@inproceedings{InoueICCVW2017,
   author    = {Naoto Inoue and Edgar Simo-Serra and Toshihiko Yamasaki and Hiroshi Ishikawa},
   title     = {Multi-Label Fashion Image Classification with Minimal Human Supervision},
   booktitle = {ICCVW},
   pages={2261--2267},
   year      = {2017},
}

@inproceedings{DongWACV2017,
  author    = {Qi Dong and Shaogang Gong and Xiatian Zhu},
  title     = {Multi-Task Curriculum Transfer Deep Learning of Clothing Attributes},
  booktitle = {WACV},
  year      = {2016}
}

@inproceedings{Rubio_2017_ICCV_Workshops,
  author = {Rubio, Antonio and Yu, LongLong and Simo-Serra, Edgar and Moreno-Noguer, Francesc},
  title = {Multi-Modal Embedding for Main Product Detection in Fashion},
  booktitle = {ICCV},
  year = {2017}
}

@inproceedings{Inoue_2017_ICCV_Workshops,
  author = {Inoue, Naoto and Simo-Serra, Edgar and Yamasaki, Toshihiko and Ishikawa, Hiroshi},
  title = {Multi-Label Fashion Image Classification With Minimal Human Supervision},
  booktitle = {ICCV},
  year = {2017}
}

@inproceedings{SimoSerraCVPR2015,
   author    = {Edgar Simo-Serra and Sanja Fidler and Francesc Moreno-Noguer and Raquel Urtasun},
   title     = {Neuroaesthetics in Fashion: Modeling the Perception of Fashionability},
   booktitle = {CVPR},
   volume={2},
    pages={6},
   year      = {2015},
}

@inproceedings{YamaguchiICCV2013,
  author = {K. Yamaguchi and M. H. Kiapour and T. L. Berg},
  title = {Paper Doll Parsing: Retrieving Similar Styles to Parse Clothing Items},
  booktitle = {ICCV},
  year = {2013}
}

@inproceedings{WangMultimedia2013,
  author = {X. Wang and T. Zhang and D. R. Tretter and Q. Lin},
  title = {Personal Clothing Retrieval on Photo Collections by Color and Attributes},
  booktitle = {IEEE Transactions on Multimedia},
  year = {2013}
}

@inproceedings{HinamiACM2017,
  author    = {Ryota Hinami and Yusuke Matsui and Shin'ichi Satoh},
  title     = {Region-Based Image Retrieval Revisited},
  booktitle = {ACMMC},
  year      = {2017}
}

@inproceedings{YamaguchiPAMI2015,
  author = {K. Yamaguchi and M. H. Kiapour and L. E. Ortiz and T. L. Berg},
  title = {Retrieving Similar Styles to Parse Clothing},
  booktitle = {TPAMI},
  volume={37},
  pages={1028--1040},
  year = {2015}
}

@inproceedings{DiCVPR2013,
  author = {W. Di and C. Wah and A. Bhardwaj and R. Piramuthu and N. Sundaresan},
  title = {Style Finder: Fine-Grained Clothing Style Detection and Retrieval},
  booktitle = {CVPRW},
  year = {2013}
}

@inproceedings{ChengCVPR2017,
  author = {Z. Q. Cheng and X. Wu and Y. Liu and X. S. Hua},
  title = {Video2Shop: Exact Matching Clothes in Videos to Online Shopping Images},
  booktitle = {CVPR},
  year = {2017}
}

@inproceedings{ZhaiWWW2017,
   author = {Zhai, Andrew and Kislyuk, Dmitry and Jing, Yushi and Feng, Michael and Tzeng, Eric and Donahue, Jeff and Du, Yue Li and Darrell, Trevor},
   title = {Visual Discovery at Pinterest},
   booktitle = {ICWWWC},
   year = {2017}
}

@inproceedings{TakagiICCVW2017,
   author    = {Moeko Takagi and Edgar Simo-Serra and Satoshi Iizuka and Hiroshi Ishikawa},
   title     = {What Makes a Style: Experimental Analysis of Fashion Prediction},
   booktitle = {ICCVW},
   year      = {2017},
}


@inproceedings{ChenABCCNN2015,
  author = {Kan Chen and Jiang Wang and Liang{-}Chieh Chen and Haoyuan Gao and Wei Xu and Ram Nevatia},
  title  = {{ABC-CNN:} An Attention Based Convolutional Neural Network for Visual Question Answering},
  year  = {2015}
}

@inproceedings{JiMultimedia2017,
  author    = {Xin Ji and Wei Wang and Meihui Zhang and Yang Yang},
  title     = {Cross-Domain Image Retrieval with Attention Modeling},
  booktitle = {ACM Multimedia},
  year      = {2017}
}

@inproceedings{ZhaoToP2017,
  author = {B. Zhao and X. Wu and J. Feng and Q. Peng and S. Yan},
  title = {Diversified Visual Attention Networks for Fine-Grained Object Classification},
  booktitle = {IEEE Transactions on Multimedia},
  year = {2017},
}

@inproceedings{JaderbergNIPS2015,
  author    = {Max Jaderberg and Karen Simonyan and Andrew Zisserman and Koray Kavukcuoglu},
  title     = {Spatial Transformer Networks},
  booktitle = {NIPS},
  pages={2017--2025},
  year      = {2015},
}

@inproceedings{WangVCIP2017,
  author    = {Zhonghao Wang and Yujun Gu and Ya Zhang and Jun Zhou and Xiao Gu},
  title     = {Clothing Retrieval with Visual Attention Model},
  booktitle = {VCIP},
  year      = {2017},
}

@inproceedings{AlHalahICCV2017,
  author    = {Ziad Al{-}Halah and Rainer Stiefelhagen and Kristen Grauman},
  title     = {Fashion Forward: Forecasting Visual Style in Fashion},
  booktitle = {ICCV},
  year      = {2017}
}

@inproceedings{YamaguchiCVPR2012, 
  author = {K. Yamaguchi and M. H. Kiapour and L. E. Ortiz and T. L. Berg}, 
  booktitle = {CVPR}, 
  title = {Parsing clothing in fashion photographs}, 
  pages={3570--3577},
  year = {2012}
}

@inproceedings{yang2014clothing,
  title={Clothing co-parsing by joint image segmentation and labeling},
  author={Yang, Wei and Luo, Ping and Lin, Liang},
  booktitle={CVPR},
  pages={3182--3189},
  year = {2014}
}

@inproceedings{chen2012describing,
  title = {Describing clothing by semantic attributes},
  author = {Chen, Huizhong and Gallagher, Andrew and Girod, Bernd},
  booktitle = {ECCV},
  pages={609--623},
  year = {2012}
}

@inproceedings{YamaguchiBMVC2015,
  title = {Mix and Match: Joint Model for Clothing and Attribute Recognition},
  author = {Yamaguchi, Kota and others},
  booktitle = {BMVC},
  volume={1},
  pages={4},
  year = {2015}
}

@inproceedings{HadiECCV2014,
  author = {Kiapour, M. Hadi and Yamaguchi, Kota and Berg, Alexander C. and Berg, Tamara L.},
  title = {Hipster Wars: Discovering Elements of Fashion Styles},
  booktitle = {ECCV},
  year = {2014}
}

@inproceedings{LiuCVPR2012, 
  author = {S. Liu and Z. Song and G. Liu and C. Xu and H. Lu and S. Yan},
  title = {Street-to-shop: Cross-scenario clothing retrieval via parts alignment and auxiliary set}, 
  booktitle = {CVPR}, 
  pages={3330--3337},
  year = {2012}
}

@inproceedings{zhou2016learning,
  title = {Learning deep features for discriminative localization},
  author = {Zhou, Bolei and Khosla, Aditya and Lapedriza, Agata and Oliva, Aude and Torralba, Antonio},
  booktitle = {CVPR},
  year = {2016}
}

@inproceedings{ZhuCVPR2017,
  author    = {Feng Zhu and Hongsheng Li and Wanli Ouyang and Nenghai Yu and Xiaogang Wang},
  title     = {Learning Spatial Regularization with Image-level Supervisions for Multi-label Image Classification},
  booktitle = {CVPR},
  year      = {2017}
}

@inproceedings{ZhangCVPR2017,
  title={Deep {TEN}: Texture Encoding Network},
  author={Hang Zhang and Jia Xue and Kristin Dana},
  booktitle = {CVPR},
  year      = {2017}
}

@inproceedings{cimpoi2015deep,
  title={Deep filter banks for texture recognition and segmentation},
  author={Mircea Cimpoi and Subhransu Maji and Andrea Vedaldi},
  booktitle={CVPR},
  pages={3828--3836},
  year={2015}
}

@inproceedings{andrearczyk2016using,
  title={Using filter banks in convolutional neural networks for texture classification},
  author={Vincent Andrearczyk and Paul F Whelan},
  booktitle={Pattern Recognition Letters},
  volume={84},
  pages={63--69},
  year={2016}
}

@inproceedings{WangSTLSTMICCV2017,
  author    = {Zhouxia Wang and Tianshui Chen and Guanbin Li and Ruijia Xu and Liang Lin},
  title     = {Multi-label Image Recognition by Recurrently Discovering Attentional Regions},
  booktitle = {ICCV},
  year      = {2017}
}

@inproceedings{ChenAAAI2018,
  author    = {Chen, Shang{-}Fu  and others},
  title     = {Order-Free {RNN} with Visual Attention for Multi-Label Classification},
  booktitle = {AAAI},
  year      = {2018}
}

@inproceedings{veit2017learning,
  title={Learning from noisy large-scale datasets with minimal supervision},
  author={Veit, Andreas and others},
  booktitle={CVPR},
  year={2017}
}

@inproceedings{resnet50,
  title={Deep residual learning for image recognition},
  author={He, Kaiming and Zhang, Xiangyu and Ren, Shaoqing and Sun, Jian},
  booktitle={CVPR},
  pages={770--778},
  year={2016}
}

@inproceedings{vgg2014,
  author    = {Karen Simonyan and Andrew Zisserman},
  title     = {Very Deep Convolutional Networks for Large-Scale Image Recognition},
  booktitle   = {CoRR},
  volume    = {abs/1409.1556},
  year      = {2014},
  url       = {http://arxiv.org/abs/1409.1556},
  timestamp = {Wed, 01 Oct 2014 15:00:05 +0200},
  biburl    = {http://dblp.uni-trier.de/rec/bib/booktitles/corr/SimonyanZ14a},
  bibsource = {dblp computer science bibliography, http://dblp.org}
}


@inproceedings{KiapourICCV2015, 
  author = {M. H. Kiapour and X. Han and S. Lazebnik and A. C. Berg and T. L. Berg}, 
  booktitle = {ICCV}, 
  title = {Where to Buy It: Matching Street Clothing Photos in Online Shops}, 
  year = {2015}
}

@inproceedings{VLADCVPR2010, 
  author={H. Jégou and M. Douze and C. Schmid and P. Pérez}, 
  booktitle={CVPR}, 
  title={Aggregating local descriptors into a compact image representation},
  pages={3304--3311},
  year={2010}
}

@inproceedings{FisherCVPR2007, 
  author={F. Perronnin and C. Dance}, 
  booktitle={CVPR}, 
  title={Fisher Kernels on Visual Vocabularies for Image Categorization}, 
  pages={1--8},
  year={2007}
}